@article{segel2010narrative,
  title={Narrative visualization: Telling stories with data},
  author={Segel, Edward and Heer, Jeffrey},
  journal={IEEE transactions on visualization and computer graphics},
  volume={16},
  number={6},
  pages={1139--1148},
  year={2010},
  publisher={IEEE}
}

@article{leveque2016generating,
  title={Generating random earthquake events for probabilistic tsunami hazard assessment},
  author={LeVeque, Randall J and Waagan, Knut and Gonz{\'a}lez, Frank I and Rim, Donsub and Lin, Guang},
  journal={Pure and Applied Geophysics},
  volume={173},
  number={12},
  pages={3671--3692},
  year={2016},
  publisher={Springer}
}

@techreport{gonzalez2013probabilistic,
  title={Probabilistic Tsunami Hazard Assessment (PTHA) for {C}rescent {C}ity, {CA}. Final Report for Phase I},
  author={Gonzalez, Frank I and LeVeque, Randall J and Adams, Loyce M},
  year={2013},
  institution={University of Washington Department of Applied Mathmatics}
}

@article{hullman2018imagining,
  title={Imagining Replications: Graphical Prediction \& Discrete Visualizations Improve Recall \& Estimation of Effect Uncertainty},
  author={Hullman, Jessica and Kay, Matthew and Kim, Yea-Seul and Shrestha, Samana},
  journal={IEEE transactions on visualization and computer graphics},
  volume={24},
  number={1},
  pages={446--456},
  year={2018},
  publisher={IEEE}
}

@article{hypothetical,
  title={Hypothetical outcome plots outperform error bars and violin plots for inferences about reliability of variable ordering},
  author={Hullman, Jessica and Resnick, Paul and Adar, Eytan},
  journal={PloS one},
  volume={10},
  number={11},
  pages={e0142444},
  year={2015},
  publisher={Public Library of Science}
}