@article{eftang2013port,
  title={Port reduction in parametrized component static condensation: approximation and a posteriori error estimation},
  author={Eftang, Jens L and Patera, Anthony T},
  journal={International Journal for Numerical Methods in Engineering},
  volume={96},
  number={5},
  pages={269--302},
  year={2013},
  publisher={Wiley Online Library}
}

@article{hetmaniuk2012review,
  title={Review and assessment of interpolatory model order reduction methods for frequency response structural dynamics and acoustics problems},
  author={Hetmaniuk, U and Tezaur, R and Farhat, C},
  journal={International Journal for Numerical Methods in Engineering},
  volume={90},
  number={13},
  pages={1636--1662},
  year={2012},
  publisher={Wiley Online Library}
}

@book{brenner2007mathematical,
  title={The mathematical theory of finite element methods},
  author={Brenner, Susanne and Scott, Ridgway},
  volume={15},
  year={2007},
  publisher={Springer Science \& Business Media}
}

@book{larson2013finite,
  title={The finite element method: Theory, implementation, and applications},
  author={Larson, Mats G and Bengzon, Fredrik},
  volume={10},
  year={2013},
  publisher={Springer Science \& Business Media}
}

@article{smetana2016optimal,
  title={Optimal local approximation spaces for component-based static condensation procedures},
  author={Smetana, Kathrin and Patera, Anthony T},
  journal={SIAM Journal on Scientific Computing},
  volume={38},
  number={5},
  pages={A3318--A3356},
  year={2016},
  publisher={SIAM}
}

@article{hetmaniuk2010special,
  title={A special finite element method based on component mode synthesis},
  author={Hetmaniuk, Ulrich L and Lehoucq, Richard B},
  journal={ESAIM: Mathematical Modelling and Numerical Analysis},
  volume={44},
  number={3},
  pages={401--420},
  year={2010},
  publisher={EDP Sciences}
}

@article{huynh2013static,
  title={A static condensation reduced basis element method: approximation and a posteriori error estimation},
  author={Huynh, Dinh Bao Phuong and Knezevic, David J and Patera, Anthony T},
  journal={ESAIM: Mathematical Modelling and Numerical Analysis},
  volume={47},
  number={1},
  pages={213--251},
  year={2013},
  publisher={EDP Sciences}
}

@article{bourquin1992component,
  title={Component mode synthesis and eigenvalues of second order operators: discretization and algorithm},
  author={Bourquin, Frederic},
  journal={ESAIM: Mathematical Modelling and Numerical Analysis},
  volume={26},
  number={3},
  pages={385--423},
  year={1992},
  publisher={EDP Sciences}
}

@article{hetmaniuk2006uniform,
  title={Uniform accuracy of eigenpairs from a shift-invert Lanczos method},
  author={Hetmaniuk, UL and Lehoucq, Richard B},
  journal={SIAM Journal on Matrix Analysis and Applications},
  volume={28},
  number={4},
  pages={927--948},
  year={2006},
  publisher={SIAM}
}

@article{bader2017static,
  title={A Static Condensation Reduced Basis Element Approach for the Reynolds Lubrication Equation},
  author={Bader, Eduard and Grepl, Martin A and M{\"u}ller, Siegfried},
  journal={Communications in Computational Physics},
  volume={21},
  number={1},
  pages={126--148},
  year={2017},
  publisher={Cambridge University Press}
}

@article{aletti2017reduced,
  title={A reduced-order representation of the Poincar{\'e}--Steklov operator: an application to coupled multi-physics problems},
  author={Aletti, Matteo and Lombardi, Damiano},
  journal={International Journal for Numerical Methods in Engineering},
  year={2017},
  publisher={Wiley Online Library}
}

@article{buhr2017randomized,
  title={Randomized Local Model Order Reduction},
  author={Buhr, Andreas and Smetana, Kathrin},
  journal={arXiv preprint arXiv:1706.09179},
  year={2017}
}